@inproceedings{yan2018spatial,
  title={Spatial temporal graph convolutional networks for skeleton-based action recognition},
  author={Yan, Sijie and Xiong, Yuanjun and Lin, Dahua},
  booktitle={Thirty-second AAAI conference on artificial intelligence},
  year={2018}
}


@article{wu2020comprehensive,
  title={A comprehensive survey on graph neural networks},
  author={Wu, Zonghan and Pan, Shirui and Chen, Fengwen and Long, Guodong and Zhang, Chengqi and Philip, S Yu},
  journal={IEEE transactions on neural networks and learning systems},
  volume={32},
  number={1},
  pages={4--24},
  year={2020},
  publisher={IEEE}
}

% Optional fields: volumeditor, editora, editorb, editorc, translator, annotator, commentator, introduction, foreword, afterword, subtitle, titleaddon, maintitle, mainsubtitle, maintitleaddon, language, origlanguage, volume, part, edition, volumes, series, number, note, publisher, location, isbn, chapter, pages, pagetotal, addendum, pubstate, doi, eprint, eprintclass, eprinttype, url, urldate


@book{hu2015,
  title={诸福棠实用儿科学(上册)},
  edition = {8},
  author={江载芳 and 申昆玲 and 沈颖},
  publisher={人民卫生出版社},
  location = {北京},
  year={2015}
}

@article{jdmsugg,
    author = {胡坚 and 李崇巍 and 胡秀芬 and 周南},
    title = {幼年皮肌炎诊治建议},
    journal = {中华儿科杂志},
    year = {2012},
    volume = {50},
    number = {8},
    pages = {617-621},
}

@article{lovell1999development,
  title={Development of validated disease activity and damage indices for the juvenile idiopathic inflammatory myopathies: II. The childhood myositis assessment scale (CMAS): a quantitative tool for the evaluation of muscle function},
  author={Lovell, Daniel J and Lindsley, Carol B and Rennebohm, Robert M and Ballinger, Susan H and Bowyer, Suzanne L and Giannini, Edward H and Hicks, Jeanne E and Levinson, Joseph E and Mier, Richard and Pachman, Lauren M and others},
  journal={Arthritis \& Rheumatism: Official Journal of the American College of Rheumatology},
  volume={42},
  number={10},
  pages={2213--2219},
  year={1999},
  publisher={Wiley Online Library}
}